@article{ibaraki1993theory,
    title={A theory of coteries: Mutual exclusion in distributed systems},
    author={Ibaraki, Toshihide and Kameda, Tiko},
    journal={IEEE Transactions on Parallel and Distributed Systems},
    volume={4},
    number={7},
    pages={779--794},
    year={1993},
    publisher={IEEE}
}

@article{naor1998load,
    title={The load, capacity, and availability of quorum systems},
    author={Naor, Moni and Wool, Avishai},
    journal={SIAM Journal on Computing},
    volume={27},
    number={2},
    pages={423--447},
    year={1998},
    publisher={SIAM}
}

@article{neilsen1991general,
    title={A general method to define quorums},
    author={Neilsen, Mitchell and Mizuno, Masaaki and Raynal, Michel},
    year={1991}
}

@article{vukolic2013origin,
    title={The origin of quorum systems},
    author={Vukoli{\'c}, Marko and others},
    journal={Bulletin of EATCS},
    volume={2},
    number={101},
    year={2013}
}
